<?xml version="1.0" encoding="UTF-8"?><record xmlns="http://www.loc.gov/MARC21/slim" xmlns:cinclude="http://apache.org/cocoon/include/1.0" xmlns:zs="http://www.loc.gov/zing/srw/">
  <leader>00661nz  a2200145n  4500</leader>
  <controlfield tag="001">no2002078180</controlfield>
  <controlfield tag="003">DLC</controlfield>
  <controlfield tag="005">20020828052510.0</controlfield>
  <controlfield tag="008">020827n| acannaabn          |a ana     c</controlfield>
  <datafield tag="010" ind1=" " ind2=" ">
    <subfield code="a">no2002078180</subfield>
  </datafield>
  <datafield tag="035" ind1=" " ind2=" ">
    <subfield code="a">(OCoLC)oca05848388</subfield>
  </datafield>
  <datafield tag="040" ind1=" " ind2=" ">
    <subfield code="a">CLU</subfield>
    <subfield code="b">eng</subfield>
    <subfield code="c">CLU</subfield>
  </datafield>
  <datafield tag="110" ind1="2" ind2=" ">
    <subfield code="a">EURBANET</subfield>
  </datafield>
  <datafield tag="410" ind1="2" ind2=" ">
    <subfield code="a">Urban Networks in the North Western Metropolitan Area</subfield>
  </datafield>
  <datafield tag="670" ind1=" " ind2=" ">
    <subfield code="a">Polynuclear urban regions in North West Europe, c2001:</subfield>
    <subfield code="b">t.p. (EURBANET) p. 1, etc. (EURBANET: Urban Networks in the North Western Metropolitan Area is a research project co-financed by the EC; a consortium of 5 academic research institutes in 4 different countries under the umbrella of the NWMA in Europe)</subfield>
  </datafield>
</record>